@BOOK{FYSIKK:1,
AUTHOR="Hugh D. Young and Roger A. Freedman",
TITLE="University Physics with Modern Physics. 15th Edition",
PUBLISHER="Pearson Education Limited",
YEAR="2020"}

@BOOK{MATEMATIKK:1,
AUTHOR="Timothy Sauer",
TITLE="Numerical Analysis. 3rd Edition",
PUBLISHER="Pearson Education",
YEAR="2017"}

@article{DAMME:1,
AUTHOR="L. Van Damme and P. Mardesic and D. Sugny",
TITLE="The tennis racket effect in a three-dimensional rigid body",
YEAR="2016"}

@BOOK{EULER:1,
AUTHOR="C. A. Truesdell",
TITLE="A First Course in Rational Continuum Mechanics Vol. 1: General Concepts, 2nd ed.",
YEAR="1991"}

@manual{PYOPENGL:1,
TITLE="PyOpenGL 3.X - The Python OpenGL Binding",
note="\url{http://pyopengl.sourceforge.net/}",
year="Besøkt 23.10.2020"
}

@BOOK{DORMAND:1,
AUTHOR="Dormand, John R.",
TITLE="Numerical Methods for Differential Equations: A Computational Approach",
PUBLISHER="CRC Press",
YEAR="1996"}

@manual{VERITASIUM:1,
TITLE="The Bizarre Behavior of Rotating Bodies, Explained",
note="\url{https://youtu.be/1VPfZ_XzisU}",
year="Besøkt 27.10.2020"
}